@Comment А вот так оформляется библиография при помощи BibTeX.

@Book{Bonjean,
  author = {V. Bonjean},
  title = {Deep learning for Sunyaev–Zel’dovich detection in Planck},
  publisher = {Astronomy \& Astrophysics},
  year = {2020},
  language = "english"
}

@Book{Panstarrs,
  title = {PanSTARRS1 (PS1) Catalog Archive Server Jobs System (CasJobs) service},
  language = "english"
}

@Book{Healpix,
	title = {HEALPix},
	language = "english"
}
